1853 3069
628 701 1156 755 Praefatio.
1430 704 1649 741 {Any-:gem

1398 772 1463 803 καί
1594 779 1597 787 2

841 849 972 853 ——ffi
1397 836 1420 859 ¹⁷2.

57 999 123 1061 A
156 1022 319 1074 triginta
360 1022 473 1061 annis
514 1023 717 1061 Banatum
746 1035 771 1060 a
799 1020 967 1072 planitie
993 1020 1029 1058 in
1071 1018 1267 1059 altissima
1298 1032 1419 1070 usque
1450 1018 1596 1070 alpium
1641 1019 1726 1058 cul-

59 1101 167 1141 mina
198 1102 355 1141 iteratis
376 1102 540 1151 vicibus,
573 1106 614 1141 et
644 1101 800 1140 diverso
830 1102 921 1140 anni
939 1106 1117 1152 tempore
1147 1099 1359 1152 peragravi
1377 1099 1538 1150 plantas
1564 1099 1725 1150 singulis

58 1181 283 1231 regionibus
319 1181 502 1233 proprias
541 1181 709 1221 solerter
744 1181 909 1233 collegi,
957 1181 1060 1220 inter
1102 1194 1172 1230 se,
1217 1185 1258 1220 et
1301 1194 1388 1219 cum
1429 1180 1477 1218 iis
1523 1179 1726 1230 regionum

58 1260 226 1300 aliarum
247 1262 488 1314 comparavi,
520 1275 568 1301 ac
596 1265 741 1301 notata
764 1261 933 1301 fideliter
957 1261 1172 1312 conscripsi
1191 1275 1201 1310 3
1232 1260 1322 1300 inde
1350 1265 1448 1300 nata
1473 1266 1535 1300 est
1558 1275 1726 1313 sequens

58 1342 315 1382 Enumeratio
347 1343 585 1382 Plantarum
609 1342 814 1392 BanatuS,
846 1355 965 1394 quam
996 1341 1085 1381 Tibi
1109 1342 1154 1381 L.
1183 1341 1230 1380 B.
1263 1341 1370 1381 hisce
1399 1343 1533 1382 offero.
1578 1344 1621 1381 In
1650 1343 1726 1382 hac

58 1423 354 1463 enumeratione
386 1436 454 1462 eas
482 1427 641 1462 tantum
663 1421 833 1473 stirpes,
874 1435 974 1473 quas
1013 1421 1097 1473 ipse
1128 1421 1223 1474 legi,
1255 1422 1319 1462 vel
1343 1423 1393 1462 ab
1423 1422 1511 1462 aliis
1550 1424 1729 1475 depictas

59 1508 130 1542 aut
159 1502 286 1541 lectas
310 1503 415 1552 vidi,
468 1516 618 1554 paucas
650 1507 807 1541 tantum
836 1501 988 1553 species
1019 1502 1163 1541 Roch
1179 1501 1277 1541 elii
1309 1507 1350 1542 et
1378 1503 1728 1544 Wierzbiokii

60 1597 111 1622 ex
139 1585 384 1623 auctoritate
402 1584 571 1636 suscepi,
605 1589 646 1624 et
662 1583 872 1623 nonnullas
897 1597 945 1622 ex
972 1588 1105 1623 mente
1141 1583 1213 1623 cel.
1233 1583 1404 1624 Schen
1418 1585 1442 1623 k
1475 1589 1515 1623 et
1545 1585 1730 1626 Grise-

58 1665 221 1713 bach,
253 1663 318 1715 qui
345 1669 386 1703 et
422 1664 626 1704 Banatum
655 1670 695 1704 et
731 1664 892 1716 plantas
923 1664 1284 1704 Wierzbickii
1304 1696 1314 1715 ,
1360 1670 1400 1705 et
1438 1679 1528 1705 mea
1558 1681 1577 1707 e
1610 1681 1730 1707 manu

58 1749 247 1795 acceptas
280 1751 592 1795 compararunt,
635 1745 834 1797 disposui,
879 1745 1012 1796 plures
1047 1751 1182 1785 autem
1214 1745 1501 1786 Botanicorum
1539 1748 1730 1799 proximis

59 1824 119 1863 his
146 1824 259 1864 annis
287 1825 491 1865 Banatum
519 1825 816 1877 peragrantium
851 1825 941 1877 ⁷,qui
962 1839 1032 1877 per
1051 1839 1206 1865 summa
1222 1826 1409 1867 volarant
1431 1829 1626 1880 gramina,
1659 1844 1731 1870 nec

59 1910 220 1945 teneras
248 1919 363 1945 cursu
390 1906 582 1946 larissant
602 1906 774 1946 aristas“
804 1912 849 1946 ut
878 1920 1003 1946 novas
1034 1907 1262 1957 divulgatas
1285 1908 1428 1960 stirpes
1461 1923 1537 1949 non
1560 1911 1729 1963 suscepi,

59 1985 123 2025 vel
160 1987 262 2025 enim
284 1987 407 2026 errori
439 2001 553 2026 suam
580 1988 726 2027 debent
761 1987 975 2040 originem,
1021 1987 1084 2027 vel
1110 1989 1347 2040 superficiali
1382 1990 1497 2030 nimis
1538 1992 1732 2032 observa-

60 2068 184 2119 tioni,
216 2073 257 2108 et
276 2068 445 2120 pruritui
477 2069 515 2107 in
546 2070 664 2109 terris
695 2070 807 2110 novis
835 2083 960 2109 novas
984 2070 1191 2121 detegendi
1219 2071 1376 2123 stirpes.

26 2202 91 2237 Ὂ
196 2164 242 2202 In
273 2163 532 2215 dispositione
574 2178 762 2217 generum
799 2170 839 2204 et
868 2165 1087 2218 specierum
1130 2166 1200 2206 cel.
1233 2168 1379 2206 Koch
1411 2168 1614 2220 synopsim
1646 2183 1731 2209 sum

24 2238 248 2305 3ecutus,
296 2245 406 2286 cuius
449 2247 563 2299 quasi
601 2246 940 2287 continuationem
978 2247 1172 2286 orientem
1216 2261 1356 2287 versus
1402 2262 1592 2301 praesens
1621 2250 1732 2290 sistit

24 2311 317 2390 ¹:opusculunn
349 2327 501 2379 species
531 2328 811 2367 convenientes
841 2327 997 2367 nomine
1032 2333 1190 2367 tantum
1226 2328 1388 2379 notavi,
1420 2329 1486 2368 ubi
1513 2330 1560 2369 de
1587 2331 1732 2382 speciei

12 2406 201 2448 :walore
224 2405 416 2457 dissensi,
450 2408 627 2460 diagnosi
658 2409 825 2459 notavi,
858 2409 915 2448 sic
940 2415 980 2449 et
1003 2409 1165 2461 plantas
1190 2409 1365 2449 Banatui
1397 2411 1579 2462 proprias
1604 2411 1728 2451 fusius

0 2480 227 2609 §exposui
244 2518 254 2538 ,
286 2487 419 2527 icones
449 2494 608 2528 tantum
637 2503 662 2528 a
688 2503 750 2529 me
778 2489 884 2529 visas
912 2489 1045 2530 citavi.

200 2581 517 2634 Descriptionem
545 2584 765 2624 uberiorem
803 2586 985 2625 Banatus
1018 2586 1205 2638 opusculo
1235 2586 1517 2638 praemittere,
1562 2590 1609 2627 de
1636 2602 1734 2639 geo-

66 2660 218 2710 gnosia,
250 2666 292 2699 et
312 2663 592 2710 distributione
621 2665 851 2717 plantarum
882 2667 1150 2719 geographica
1174 2667 1298 2707 fusius
1331 2666 1523 2707 disserere
1540 2667 1577 2705 in
1601 2666 1730 2705 animo

67 2740 143 2780 suit
163 2773 172 2791 ,
206 2742 274 2780 sed
309 2746 467 2785 morbus
497 2748 655 2797 gravis,
701 2746 765 2797 qui
801 2745 1004 2798 inopinate
1030 2761 1091 2787 me
1117 2748 1268 2786 invasit
1301 2747 1403 2787 vires
1434 2748 1484 2786 ad
1512 2752 1731 2785 extremum

1395 2817 1408 2853 1
1435 2814 1459 2836 ’ὃ
