1853 3069
99 154 180 193 ‘200
808 170 919 198 ,loannes
937 170 1084 198 Heuffel:

226 255 331 291 2046.
360 257 412 294 H.
440 256 664 292 heoeastichon
694 253 833 290 Linn.
863 275 905 279 -
933 253 1079 290 Colitur.
1107 252 1196 289 Mai.

227 314 330 351 2047.
359 317 411 354 H.
441 317 628 352 distichum
656 315 785 350 Linn.
816 335 862 340 —
890 314 1039 350 Colitur.
1067 314 1155 352 Mai.

666 399 759 436 Seot.
786 402 818 435 2.
846 399 1003 434 Mam-ina
1030 398 1101 435 Κο
1117 399 1182 435 ch.

230 472 335 507 2048.
365 472 418 508 H.
445 473 633 507 murimcm
663 472 694 506 L
708 471 718 506 i
733 483 756 506 n
769 484 802 506 n.
833 472 865 507 R
879 470 923 506 ei
940 472 995 507 oh
1009 472 1110 508 enb.
1139 471 1165 508 l.
1189 483 1218 507 e.
1236 471 1298 517 fig.
1327 473 1430 508 1362.
1450 472 1549 507 —In
1567 471 1760 517 ruderatis,

89 531 135 565 ad
160 530 249 575 vias.
276 543 407 568 muros.
438 533 520 568 Jun.
547 533 620 568 Jul.

226 592 329 628 2049.
358 592 411 628 H.
438 594 661 627 maritimwn
684 592 823 628 With.
864 590 1080 626 Reichen
1092 593 1126 627 b.
1162 593 1185 627 l.
1216 604 1246 626 e.
1285 592 1349 637 fig.
1379 591 1480 627 1364.
1508 611 1554 618 -·
1580 592 1639 627 Ad
1663 590 1757 637 vias,

89 649 124 686 in
150 650 252 687 salsis
282 657 320 688 eh
345 652 525 688 subsalsis.
553 652 644 689 Mai.
670 653 754 688 Jun.

664 737 754 773 597.
780 735 1019 772 Dulium
1043 735 1172 771 Linn.

226 812 329 845 2050.
358 809 403 846 L.
429 822 585 854 pei-cmm
616 809 750 843 Linn.
778 807 1048 843 Reichenb.
1078 809 1103 843 l.
1124 820 1152 843 c.
1171 809 1236 853 fig.
1268 808 1372 843 1346.
1389 828 1430 833 —
1451 801 1494 853 β)
1508 816 1610 843 tenue
1627 809 1757 844 Linn.

90 869 244 917 Spiculis
273 869 494 904 3-4-110113Δ
519 889 560 893 -
587 870 625 902 [n
647 869 765 912 cultis„
792 870 839 902 ad
864 868 940 903 vias
966 868 1002 902 in
1026 866 1141 914 pratis
1166 872 1205 902 eb
1226 867 1379 913 pascuis.
1407 869 1490 904 Jun.
1520 889 1562 894 —
1595 872 1684 906 Aut.

225 932 327 965 2051.
355 930 400 966 L.
432 930 579 964 {micola
610 929 750 965 Sond.
780 928 866 975 Syn.
894 928 940 964 L.
969 940 1118 963 arvense
1146 928 1298 964 Rchb.
1326 929 1350 964 l.
1372 942 1398 965 e.
1421 929 1484 975 fig.
1508 930 1758 965 1337—1339.

88 1011 135 1017 -—·
161 992 259 1025 Inter
285 994 440 1037 segetes.
466 991 550 1025 Jun.
581 989 655 1025 Jul.

224 1052 329 1086 2052.
357 1052 403 1087 L.
431 1051 659 1085 tomuleutmn
694 1049 831 1084 Linn.
870 1049 1127 1085 Reiohenb.
1165 1051 1190 1085 1.
1225 1063 1256 1086 c.
1292 1050 1354 1096 fig.
1395 1050 1486 1085 1343
1514 1054 1550 1085 et,
1579 1049 1683 1085 1344.
1715 1068 1726 1073 -
1749 1068 1758 1074 -

87 1108 129 1155 β)
156 1112 351 1156 speciosum
376 1111 519 1148 Koch.
549 1131 590 1135 -
619 1111 715 1145 Inter
737 1114 893 1156 segetes.
922 1111 1006 1147 Jun.
1031 1111 1103 1147 Jul.

648 1195 741 1231 598.
767 1194 1041 1239 Aenilops
1067 1194 1208 1230 Linn.

230 1271 332 1305 20:353.
359 1269 405 1304 A.
435 1268 634 1315 cylind-rica
656 1268 691 1301 H
707 1270 795 1303 ost.
824 1267 932 1314 Spica
953 1267 1152 1313 cylindrica
1178 1268 1377 1314 elongata3
1402 1266 1518 1302 valvis
1547 1265 1760 1310 l-aristatis7

89 1329 206 1364 aristis
249 1329 467 1376 spicularum
508 1329 571 1364 inf.
609 1329 859 1372 abbreviatis.
900 1327 1145 1364 terminalium
1184 1327 1424 1374 longissimi83
1468 1328 1586 1363 culmo
1626 1330 1758 1362 erecto.

88 1390 359 1426 Reichenb.
389 1391 411 1425 1.
439 1402 456 1423 c:
497 1391 559 1435 fig.
587 1392 690 1427 43:56.
721 1411 761 1414 —
791 1391 850 1424 Ad
877 1389 954 1425 vias
989 1393 1025 1424 et
1046 1388 1219 1423 mont-ium
1250 1390 1361 1434 pedes
1390 1389 1425 1423 in
1451 1387 1610 1423 Danubii
1640 1391 1760 1422 tractu

90 1455 127 1485 et,
156 1450 190 1484 in
220 1451 362 1496 pascuis
393 1450 553 1485 arenosis
591 1450 776 1497 legionum
803 1450 970 1497 Illyrico-
994 1454 1032 1484 et
1056 1447 1540 1485 Teutonico-banatieamm.
1566 1446 1653 1482 Mai.
1676 1447 1760 1482 Jun.

643 1535 734 1571 599.
759 1535 1061 1579 mentm-uo
1085 1533 1128 1569 R.
1146 1534 1215 1568 Br.

230 1608 330 1642 2054.
356 1607 401 1643 L.
424 1608 659 1651 [ammonicus
687 1608 868 1643 Kunth.
909 1606 1017 1652 Spica
1042 1605 1172 1650 tereti,
1215 1607 1412 1649 subulam,
1439 1608 1589 1650 erectag
1615 1601 1760 1650 spiculis

93 1667 228 1703 2-fl0ris
255 1667 416 1711 mutieis,
443 1668 535 1704 foliis
563 1668 692 1714 planis.
724 1670 809 1715 Syn.
837 1667 1040 1702 Plzocim-us
1071 1667 1305 1712 pannonicus
1342 1665 1476 1701 Trin.
1495 1663 1759 1700 Reichenb.

87 1730 107 1765 l.
137 1742 167 1764 e.
192 1730 253 1775 fig.
284 1730 387 1764 1336.
418 1748 457 1752 —
487 1729 527 1762 In
555 1729 659 1764 salsis
683 1728 844 1776 planitiei
869 1742 898 1765 e.
923 1741 950 1763 e.
974 1729 1020 1763 ad
1043 1728 1255 1771 Pamsova,
1282 1738 1391 1773 supra
1425 1726 1543 1761 lacum
1581 1721 1761 1759 Alibunar

89 1790 134 1823 ad
156 1788 335 1835 Margitta
361 1788 484 1824 cottus
507 1788 688 1824 Torontal
719 1790 804 1826 Mai.
831 1792 917 1827 Jun.

583 1899 691 1942 Trib.
729 1902 792 1942 15.
824 1905 1088 1942 Nardoe‘deae
1117 1900 1274 1941 Koch.

673 1982 765 2019 600.
792 1981 1028 2019 Nar-due
1053 1979 1176 2016 Linn.

228 2056 334 2090 2055.
363 2055 410 2091 N.
440 2055 566 2089 stricta,
594 2054 718 2090 Linn.
746 2053 1008 2090 Reichenb.
1036 2054 1059 2089 l.
1086 2066 1116 2088 c.
1140 2055 1202 2099 fig.
1226 2053 1330 2087 1733.
1359 2071 1404 2075 —
1433 2050 1470 2083 In
1502 2049 1646 2097 pascuis
1672 2048 1760 2082 sub-

92 2113 218 2161 alpinis
247 2118 283 2149 et
303 2114 441 2161 alpinis.
469 2115 542 2150 Jul.
